<?xml version="1.0" encoding="UTF-8"?><collection xmlns="http://www.loc.gov/MARC21/slim"><record><leader>00341nam--2200121-i-4500</leader><controlfield tag="001">000040231</controlfield><controlfield tag="002">20161230</controlfield><controlfield tag="005">20161230201042</controlfield><controlfield tag="008">060222s1000------------r-----000-0-eng-d</controlfield><datafield ind1=" " ind2=" " tag="080"><subfield code="a">550.34(73)</subfield></datafield><datafield ind1=" " ind2=" " tag="245"><subfield code="a">San fernando, california, earthquake of february 9, 1971</subfield></datafield><datafield ind1=" " ind2=" " tag="260"><subfield code="a">Washington, U.S.Department Of Comerce, 1973. Xi+443 P</subfield></datafield><datafield ind1=" " ind2=" " tag="852"><subfield code="a">48052</subfield></datafield></record></collection>